@book{livre1,
  title={The C programming language},
  author={Denmis Ritchie, Brian Hernigan.},
  publisher={Prentice Hall},
  year={1978},
}

@book{livre2,
  title={On computable numbers with an application to the Entscheidungsproblem},
  author={Alan Mathison Turing.},
  publisher={London Mathematical Society},
  year={1936},
}

@article{article1,
  title={Lovelace et Bablage and the creationof the 1843 "notes"},
  author={J.Fuegi, J.FRANCIS.},
  journal={DOI},
  volume={25},
  year={2003},
}

@article{article2,
  title={Histoire des langages de programmation},
  author={Utilisateur.},
  journal={Wikipédia},
  year={2021},
}

@phdthesis{the,
  title={Programmation par contraintes et découverte de motifs sur données
  séquentielles},
  author={Vincent Vigneron.},
  school={Standfort University},
  year={2017},
}